@misc{AS37_lab_script,
    title = {The Hubble Diagram for Type Ia Supernovae},
    author = {{University of Oxford, Department of Physics}},
    year = {2024},
    url = {https://www-teaching.physics.ox.ac.uk/practical_course/scripts/srv/local/rscripts/trunk/Astro/AS37/AS37.pdf},
    note = {Accessed: 2024-05-22}
}

@article{SN_legacy_survey,
    %author = {Astier, P. and Guy, J. and Regnault, N. and Pain, R. and Aubourg, E. and Balam, D. and Basa, S. and Carlberg, R. G. and Fabbro, S. and Fouchez, D. and Hook, I. M. and Howell, D. A. and Lafoux, H. and Neill, J. D. and Palanque-Delabrouille, N. and Perrett, K. and Pritchet, C. J. and Rich, J. and Sullivan, M. and Taillet, R. and Aldering, G. and Antilogus, P. and Arsenijevic, V. and Balland, C. and Baumont, S. and Bronder, J. and Courtois, H. and Ellis, R. S. and Filiol, M. and Gon{\c c}alves, A. C. and Goobar, A. and Guide, D. and Hardin, D. and Lusset, V. and Lidman, C. and McMahon, R. and Mouchet, M. and Mourao, A. and Perlmutter, S. and Ripoche, P. and Tao, C. and Walton, N. A.},
    author = {P. Astier  et al.},
    title = {The Supernova Legacy Survey: measurement of $\Omega_M$, $\Omega_\Lambda$, and $w$ from the first year data set},
    journal = {Astronomy \& Astrophysics},
    volume = {447},
    number = {1},
    pages = {31-48},
    year = {2006},
    doi = {10.1051/0004-6361:20054185},
    url = {https://www.aanda.org/articles/aa/abs/2006/07/aa4185-05/aa4185-05.html},
    month = feb
}
